#PMT
@article{Zhang:2023ued,
  author        = {Zhang, Aiqiang and Xu, Benda and Weng, Jun and Chen, Huiyou and Shao, Wenhui and Xu, Tong and Ren, Ling and Qian, Sen and Wang, Zhe and Chen, Shaomin},
  title         = {{Performance evaluation of the 8-inch MCP-PMT for Jinping Neutrino Experiment}},
  eprint        = {2303.05373},
  archiveprefix = {arXiv},
  primaryclass  = {hep-ex},
  doi           = {10.1016/j.nima.2023.168506},
  journal       = {Nuclear Instruments and Methods in Physics Research Section A: Accelerators, Spectrometers, Detectors and Associated},
  volume        = {1055},
  pages         = {168506},
  year          = {2023}
}
@article{Luo_2023,
  doi       = {10.1088/1748-0221/18/02/P02004},
  url       = {https://dx.doi.org/10.1088/1748-0221/18/02/P02004},
  year      = {2023},
  month     = {feb},
  publisher = {IOP Publishing},
  volume    = {18},
  number    = {02},
  pages     = {P02004},
  author    = {Wentai Luo and Qian Liu and Yangheng Zheng and Zhe Wang and Shaomin Chen},
  title     = {Reconstruction algorithm for a novel Cherenkov scintillation detector},
  journal   = {Journal of Instrumentation}
}
@article{2013Photodetectors,
  title   = {{Photodetectors in Particle Physics Experiments}},
  author  = { KriAn, Peter  and  Korpar, Samo },
  journal = {Annual Review of Nuclear $\&$ Particle Science},
  volume  = {63},
  number  = {1},
  pages   = {329-349},
  year    = {2013}
}
@article{1955Scintillation,
  title     = {Scintillation spectrometer statistics},
  author    = {Breitenberger, Ernst},
  journal   = {Progress in nuclear physics},
  volume    = {4},
  pages     = {56--94},
  year      = {1955},
  publisher = {Pergamon, New York}
}
@article{Lehmann:2022ret,
  title        = {{Latest Technological Advances with MCP-PMTs}},
  author       = {Lehmann, A and Belias, A and Dzhygadlo, R and Gerhardt, 
                  A and Lehmann, D and Peters, K and Schepers, G and Schwarz, C and Schwiening, J and Traxler, M and others},
  booktitle    = {Journal of Physics: Conference Series},
  volume       = {2374},
  number       = {1},
  pages        = {012128},
  year         = {2022},
  organization = {IOP Publishing}
}

@article{1994Absolute,
  title   = {Absolute calibration and monitoring of a spectrometric channel using a photomultiplier},
  journal = {Nuclear Instruments and Methods in Physics Research Section A: Accelerators, Spectrometers, Detectors and Associated},
  volume  = {339},
  number  = {3},
  pages   = {468-476},
  year    = {1994},
  issn    = {0168-9002},
  doi     = {https://doi.org/10.1016/0168-9002(94)90183-X},
  url     = {https://www.sciencedirect.com/science/article/pii/016890029490183X},
  author  = {E.H. Bellamy and G. Bellettini 
             and J. Budagov and F. Cervelli 
             and I. Chirikov-Zorin and M. Incagli 
             and D. Lucchesi and C. Pagliarone and S. Tokar and F. Zetti}
}
@article{2019wenlj,
  title   = {{A quantitative approach to select PMTs for large detectors}},
  author  = { Wen, L. J.  and  He, M.  and  Wang, Y. F.  and  Cao, J.  and  Liu, S. L.  and  Heng, Y. K.  and  Qin, Z. H. },
  journal = {Nuclear Instruments and Methods in Physics Research Section A: Accelerators, Spectrometers, Detectors and Associated Equipment},
  volume  = {947},
  pages   = {162766-},
  year    = {2019}
}
@article{Xia_2015,
  doi       = {10.1088/1748-0221/10/03/P03023},
  url       = {https://dx.doi.org/10.1088/1748-0221/10/03/P03023},
  year      = {2015},
  month     = {Mar},
  publisher = {},
  volume    = {10},
  number    = {03},
  pages     = {P03023},
  author    = {J. Xia and S. Qian and W. Wang and Z. Ning and Y. Cheng and Z. Wang and X. Li and M. Qi and Y. Heng and S. Liu and X. Lei},
  title     = {A performance evaluation system for photomultiplier tubes},
  journal   = {Journal of Instrumentation}
}
@article{JUNO:2022hlz,
  title         = {{Mass testing and characterization of 20-inch PMTs for JUNO}},
  collaboration = {JUNO},
  author        = {Abusleme, Angel and Adam, Thomas and Ahmad, Shakeel and Ahmed, Rizwan and Aiello, 
                   Sebastiano and Akram, Muhammad and Aleem, Abid and Alexandros, Tsagkarakis and An, Fengpeng and An, Qi and others},
  journal       = {The European Physical Journal C},
  volume        = {82},
  number        = {12},
  pages         = {1168},
  year          = {2022},
  publisher     = {Springer}
}
@article{Luo:2023jdf,
  title   = {{Design $\&$ Optimization of the HV divider for JUNO 20-inch PMT}},
  author  = {Luo, Feng-Jiao and Wang, Zhi-Min and Yang, An-Bo and Heng, Yue-Kun and Qin, 
             Zhong-Hua and Xu, Mei-Hang and Qian, Sen and Liu, Shu-Lin and Wang, Yi-Fang and Wang, Wei and others},
  journal = {arXiv preprint arXiv:2307.10544},
  year    = {2023}
}
@article{2021Gain,
  title     = {Gain and charge response of {20" MCP and dynode PMTs}},
  author    = {H.Q. Zhang and Z.M. Wang and F.J. Luo and A.B. Yang and D.R. Wu and Y.C. Li and Z.H. Qin and C.G. Yang and Y.K. Heng and Y.F. Wang and H.S. Chen},
  journal   = {Journal of Instrumentation},
  volume    = {16},
  number    = {08},
  pages     = {T08009},
  year      = {2021},
  publisher = {IOP Publishing}
}
@inproceedings{2020Analysis,
  title        = {{Analysis of Secondary Electron Yield and Energy Spectrum of Metal Materials based on Furman Model}},
  author       = {Chen, Zecai and Chen, Yu and Huang, Guorui and Li, Changxi and Shi, Qingyun and Wang, Shuang},
  booktitle    = {2020 International Conference on Sensing, Measurement \& Data Analytics in the era of Artificial Intelligence (ICSMD)},
  pages        = {152--155},
  year         = {2020},
  organization = {IEEE}
}
#second electron emission
@article{2002Probabilistic,
  title     = {Probabilistic model for the simulation of secondary electron emission},
  author    = {Furman, MA and Pivi, MTF},
  journal   = {Physical review special topics-accelerators and beams},
  volume    = {5},
  number    = {12},
  pages     = {124404},
  year      = {2002},
  publisher = {APS}
}
@article{OLANO2020103456,
  title   = {Energy spectra of secondary electrons in dielectric materials by charging analysis},
  journal = {Results in Physics},
  volume  = {19},
  pages   = {103456},
  year    = {2020},
  issn    = {2211-3797},
  doi     = {https://doi.org/10.1016/j.rinp.2020.103456},
  url     = {https://www.sciencedirect.com/science/article/pii/S2211379720319173},
  author  = {L. Olano and I. Montero}
}
@article{2021Effects,
  title     = {Effects of secondary electron emission yield properties on gain and timing performance of {ALD-coated MCP}},
  author    = {Guo, Lehui and Xin, Liwei and Li, Lili and Gou, Yongsheng and Sai, Xiaofeng and Li, Shaohui and Liu, Hulin and Xu, Xiangyan and Liu, Baiyu and Gao, Guilong and others},
  journal   = {Nuclear Instruments and Methods in Physics Research Section A: Accelerators, Spectrometers, Detectors and Associated Equipment},
  volume    = {1005},
  pages     = {165369},
  year      = {2021},
  publisher = {Elsevier}
}
#MCP-ALD
@article{2016Single,
  title     = {{Single electron counting using a dual MCP assembly}},
  author    = {Yang, Yuzhen and Liu, Shulin and Zhao, Tianchi and Yan, Baojun and Wang, Peiliang and Yu, Yang and Lei, Xiangcui and Yang, Luping and Wen, Kaile and Qi, Ming and others},
  journal   = {Nuclear Instruments and Methods in Physics Research Section A: Accelerators, Spectrometers, Detectors and Associated Equipment},
  volume    = {830},
  pages     = {438--443},
  year      = {2016},
  publisher = {Elsevier}
}
@article{2017MCP,
  title     = {{MCP} performance improvement using alumina thin film},
  author    = {Yang, Yuzhen and Yan, Baojun and Liu, Shulin and Zhao, Tianchi and Yu, Yang and Wen, Kaile and Li, Yumei and Qi, Ming},
  journal   = {Nuclear Instruments and Methods in Physics Research Section A: Accelerators, Spectrometers, Detectors and Associated Equipment},
  volume    = {868},
  pages     = {43--47},
  year      = {2017},
  publisher = {Elsevier}
}
@article{zzj2021Al,
  title   = {{Effect of Al2O3/MgO Composite Layer on the 
             Properties of Microchannel Plate}},
  author  = {Zhengjun, ZHANG and Xiangbiao, QIU and Fangjian, QIAO and others},
  journal = {Surface Technology},
  volume  = {50},
  number  = {6},
  pages   = {199--205},
  year    = {2021}
}
@article{2008Sharp,
  title     = {Sharp reduction of the secondary electron emission yield from grooved surfaces},
  author    = {Pivi, M and King, FK and Kirby, RE and Raubenheimer, TO and Stupakov, G and Le Pimpec, F},
  journal   = {Journal of Applied Physics},
  volume    = {104},
  number    = {10},
  year      = {2008},
  publisher = {AIP Publishing}
}
@article{2015Secondary,
  title     = {{Secondary electron emission from rough metal surfaces: A multi-generation model}},
  author    = {Cao, Meng and Zhang, Na and Hu, Tian-Cun and Wang, Fang and Cui, Wan-Zhao},
  journal   = {Journal of Physics D: Applied Physics},
  volume    = {48},
  number    = {5},
  pages     = {055501},
  year      = {2015},
  publisher = {IOP Publishing}
}
@article{2021Summary,
  title     = {Summary of the {R\&D} of 20-inch {MCP-PMT}s for neutrino detection},
  doi       = {10.1088/1748-0221/16/11/C11003},
  url       = {https://dx.doi.org/10.1088/1748-0221/16/11/C11003},
  year      = {2021},
  month     = {nov},
  publisher = {IOP Publishing},
  volume    = {16},
  number    = {11},
  pages     = {C11003},
  author    = {Q. Wu and S. Qian and Y. Cao and G. Huang and M. Jin and Z. Jin and D. Li and H. Liu and K. Li and S. Liu and L. Ma and L. Ren and S. Si and J. Sun and J. Tian and X. Wang and H. Zhan and Y. Zhu and on behalf of the MCP-PMT workgroup},
  journal   = {Journal of Instrumentation}
}
@article{2012An,
  title     = {{An Atomic Layer Deposition Method to Fabricate Economical and Robust Large Area Microchannel Plates for Photodetectors}},
  author    = { Mane, Anil U.  and  Peng, Qing  and  Elam, Jeffrey W.  and  Bennis, Daniel C.  and  Craven, Christopher A.  and  Detarando, Michael A.  and  Escolas, John R.  and  Frisch, Henry J.  and  Jokela, Slade J.  and  Mcphate, Jason },
  journal   = {Physics Procedia},
  volume    = {37},
  pages     = {722--732},
  year      = {2012},
  publisher = {Elsevier}
}
@article{N2006Lifetime,
  title     = {Lifetime of {MCP-PMT}},
  journal   = {Nuclear Instruments and Methods in Physics Research Section A: Accelerators, Spectrometers, Detectors and Associated Equipment},
  volume    = {564},
  number    = {1},
  pages     = {204-211},
  year      = {2006},
  issn      = {0168-9002},
  doi       = {https://doi.org/10.1016/j.nima.2006.04.089},
  url       = {https://www.sciencedirect.com/science/article/pii/S0168900206006991},
  author    = {N. Kishimoto and M. Nagamine and K. Inami and Y. Enari and T. Ohshima},
  publisher = {Elsevier}
}
@article{2016Optimization,
  title     = {Optimization of the electron collection efficiency of a large area {MCP-PMT} for the {JUNO} experiment},
  journal   = {Nuclear Instruments and Methods in Physics Research Section A: Accelerators, Spectrometers, Detectors and Associated Equipment},
  volume    = {827},
  pages     = {124-130},
  year      = {2016},
  issn      = {0168-9002},
  doi       = {https://doi.org/10.1016/j.nima.2016.04.100},
  url       = {https://www.sciencedirect.com/science/article/pii/S0168900216303308},
  author    = {Lin Chen and Jinshou Tian and Chunliang Liu and Yifang Wang and Tianchi Zhao and Hulin Liu 
               and Yonglin Wei and Xiaofeng Sai and Ping Chen and Xing Wang 
               and Yu Lu and Dandan Hui and Lehui Guo and Shulin Liu 
               and Sen Qian and Jingkai Xia and Baojun Yan and Na Zhu 
               and Jianning Sun and Shuguang Si and Dong Li and Xingchao Wang 
               and Guorui Huang and Ming Qi},
  publisher = {Elsevier}
}
@article{2015The,
  title   = {The study of the aging behavior on large area {MCP-PMT}},
  author  = { Wang, Wen Wen  and  Qian, Sen  and  Qi, Ming  and  Xia, Jing Kai  and  Cheng, Ya Ping  and  Ning, Zhe  and  Luo, Feng Jiao  and  Heng, Yue Kun  and  Liu, Shu Lin  and  Si, Shu Guang },
  journal = {Nuclear Science & Techniques},
  year    = {2015}
}
@article{Xu_2022,
  doi       = {10.1088/1748-0221/17/06/P06040},
  url       = {https://dx.doi.org/10.1088/1748-0221/17/06/P06040},
  year      = {2022},
  month     = {jun},
  publisher = {IOP Publishing},
  volume    = {17},
  number    = {06},
  pages     = {P06040},
  author    = {D.C. Xu and B.D. Xu and E.J. Bao and Y.Y. Wu and A.Q. Zhang and Y.Y. Wang and G.L. Zhang and Y. Xu and Z.Y. Guo and J.H. Pei and H.Y. Mao and J.S. Liu and Z. Wang and S.M. Chen},
  title     = {Towards the ultimate {PMT} waveform analysis for neutrino and dark matter experiments},
  journal   = {Journal of Instrumentation}
}
@article{2016Secondary,
  title     = {Secondary Electron Emission Materials for Transmission Dynodes in Novel Photomultipliers: A Review},
  author    = {Tao, Shu Xia and Chan, Hong Wah and Van der Graaf, Harry},
  journal   = {Materials},
  volume    = {9},
  number    = {12},
  pages     = {1017},
  year      = {2016},
  publisher = {MDPI}
}
#chi
@article{2006Comparison,
  title   = {Comparison of weighted and unweighted histograms},
  author  = { Gagunashvili, N. D },
  journal = {Statistics},
  pages   = {43-44},
  year    = {2012}
}
@book{cowan1997statistical,
  title     = {{Statistical Data Analysis}},
  author    = {Cowan, Glen},
  year      = {1997},
  edition   = {Illustrated edition},
  publisher = {Oxford University Press},
  address   = {Oxford: New York}
}
@article{oh2013introduction,
  title   = {{Introduction to Linear Regression Analysis}},
  author  = {Oh, Hyunseung and Montgomery, Douglas C. and Peck, Elizabeth A. and Vining, G. Geoffrey},
  journal = {Biometrics},
  year    = {2013},
  volume  = {69},
  number  = {4},
  pages   = {1087-1087},
  doi     = {10.1111/biom.12129}
}

#Gamma
@article{2020A,
  title     = {A fast numerical method for photomultiplier tube calibration},
  author    = {Kalousis, LN and De Andr{\'e}, JPAM and Baussan, E and Dracos, M},
  journal   = {Journal of Instrumentation},
  volume    = {15},
  number    = {03},
  pages     = {P03023},
  year      = {2020},
  publisher = {IOP Publishing}
}
@article{polya,
  title     = {A statistical model for photomultiplier single-electron statistics},
  author    = {Prescott, JR},
  journal   = {Nuclear Instruments and Methods},
  volume    = {39},
  number    = {1},
  pages     = {173--179},
  year      = {1966},
  publisher = {Elsevier}
}

@phdthesis{2012Calibration,
  author = {Kalousis, Leonidas},
  title  = {Calibration of the {Double Chooz} detector and cosmic background studies},
  school = {University of Strasbourg},
  year   = 2012
}

#SEY
@article{1988Secondary,
  title     = {Secondary electron emission studies on {MgO} films},
  author    = {Ushio, Y and Banno, T and Matuda, N and Saito, Y and Baba, S and Kinbara, A},
  journal   = {Thin Solid Films},
  volume    = {167},
  number    = {1-2},
  pages     = {299--308},
  year      = {1988},
  publisher = {Elsevier}
}
@article{1938Secondary,
  title     = {{Secondary electron emission: Part I. Secondary electron emission of metals}},
  author    = {Bruining, H and De Boer, JH},
  journal   = {Physica},
  volume    = {5},
  number    = {1},
  pages     = {17--30},
  year      = {1938},
  publisher = {Elsevier}
}
@article{1966Secondary,
  title     = {Secondary electron emission yields of some ceramics},
  author    = {Dawson, PH},
  journal   = {Journal of Applied Physics},
  volume    = {37},
  number    = {9},
  pages     = {3644--3645},
  year      = {1966},
  publisher = {American Institute of Physics}
}
}
@article{2012Secondary,
  title     = {{Secondary Electron Yield of Emissive Materials for Large-Area Micro-Channel Plate Detectors: Surface Composition and Film Thickness Dependencies}},
  author    = { Jokela, Slade J.  and  Veryovkin, Igor V.  and  Zinovev, Alexander V.  and  Elam, Jeffrey W.  and  Mane, Anil U.  and  Peng, Qing  and  Insepov, Z. },
  journal   = {Physics Procedia},
  volume    = {37},
  pages     = {740--747},
  year      = {2012},
  publisher = {Elsevier}
}

@article{branchandPoisson,
  title        = {A statistical model of the photomultiplier gain process with applications to optical pulse detection},
  author       = {Tan, Harry H},
  year         = {1982},
  organization = {International Foundation for Telemetering},
  url          = {http://hdl.handle.net/10150/612894}
}

@book{Bartlett1963TheTO,
  title     = {{The Theory of Branching Processes}},
  author    = {M. S. Bartlett and Theodore Edward Harris},
  year      = {1963},
  url       = {https://api.semanticscholar.org/CorpusID:90485223},
  publisher = {Springer Berlin}
}

#Tweedie
@book{1991Tweedie,
  title     = {{The Theory of Dispersion Models}},
  author    = {Jorgensen, B.},
  isbn      = {9780412997112},
  lccn      = {97198569},
  url       = {https://books.google.co.jp/books?id=0gO7bgs_eSYC},
  year      = {1997},
  publisher = {Taylor \& Francis}
}
@article{Sen1997TheTO,
  title   = {{The Theory of Dispersion Models}},
  author  = {Ananda Sen},
  journal = {Technometrics},
  year    = {1997},
  volume  = {41},
  pages   = {177-178},
  url     = {https://api.semanticscholar.org/CorpusID:1449063}
}

#MC
@article{1951Various,
  title   = {Various techniques used in connection with random digits},
  author  = {Neumann, Von},
  journal = {Notes by GE Forsythe},
  pages   = {36--38},
  year    = {1951}
}
#use
@article{MATSUOKA2014148,
  title     = {{Development and production of the MCP-PMT for the Belle II TOP counter}},
  journal   = {Nuclear Instruments and Methods in Physics Research Section A: Accelerators, Spectrometers, Detectors and Associated Equipment},
  volume    = {766},
  pages     = {148--151},
  year      = {2014},
  publisher = {Elsevier},
  doi       = {https://doi.org/10.1016/j.nima.2014.05.003},
  url       = {https://www.sciencedirect.com/science/article/pii/S0168900214005026},
  author    = {K. Matsuoka}
}
@article{Cao2019UpgradingPT,
  title        = {{Upgrading Plan Towards Multi-messenger Observation with LHAASO}},
  author       = {Zhen Cao and M. J. Chen and H. C. Li and Z. G. Yao},
  journal      = {EPJ Web of Conferences},
  year         = {2019},
  url          = {https://api.semanticscholar.org/CorpusID:181399433},
  organization = {EDP Sciences}
}
@article{ZHU2020162002,
  title   = {The mass production and batch test result of {20" MCP-PMTs}},
  journal = {Nuclear Instruments and Methods in Physics Research Section A: Accelerators, Spectrometers, Detectors and Associated Equipment},
  volume  = {952},
  pages   = {162002},
  year    = {2020},
  note    = {10th International Workshop on Ring Imaging Cherenkov Detectors (RICH 2018)},
  issn    = {0168-9002},
  doi     = {https://doi.org/10.1016/j.nima.2019.03.057},
  url     = {https://www.sciencedirect.com/science/article/pii/S0168900219303833},
  author  = {Yao Zhu and Yiqi Cao and Feng Gao 
             and Guorui Huang and Muchun Jin and Zhen Jin 
             and Dong Li and Kun Li and Shulin Liu and Sen Qian 
             and Ling Ren and Shuguang Si and Jianning Sun 
             and Xingchao Wang and Zhile Wang and Fei Xie 
             and Haoda Zhang}
}
@article{KRAUSS2023168659,
  title     = {{Performance of the most recent Microchannel-Plate PMTs for the PANDA DIRC detectors at FAIR}},
  journal   = {Nuclear Instruments and Methods in Physics Research Section A: Accelerators, Spectrometers, Detectors and Associated},
  volume    = {1057},
  pages     = {168659},
  year      = {2023},
  issn      = {0168-9002},
  publisher = {Elsevier},
  doi       = {https://doi.org/10.1016/j.nima.2023.168659},
  url       = {https://www.sciencedirect.com/science/article/pii/S0168900223006496},
  author    = {S. Krauss and M. Böhm and K. Gumbert 
               and A. Lehmann and D. Miehling and A. Belias 
               and R. Dzhygadlo and A. Gerhardt and D. Lehmann 
               and K. Peters and G. Schepers and C. Schwarz 
               and J. Schwiening and M. Traxler and Y. Wolf 
               and L. Schmitt and M. Düren and A. Hayrapetyan 
               and I. Köseglu and M. Schmidt and T. Wasem 
               and C. Sfienti and A. Ali}
}
#光阴极
@article{Nathan1970TheED,
  title     = {{The energy distribution of photoelectrons from the K2CsSb photocathode}},
  author    = {Nathan, R and Mee, CHB},
  journal   = {physica status solidi (a)},
  volume    = {2},
  number    = {1},
  pages     = {67--72},
  year      = {1970},
  publisher = {Wiley Online Library},
  url       = {https://api.semanticscholar.org/CorpusID:97164824}
}
